@online{docker_toolbox,
  author = {Docker},
  title = {Docker Toolbox | Docker},
  year = 2016,
  url = {https://www.docker.com/products/docker-toolbox},
  urldate = {2016-03-11}
}

@online{jupyter_stacks,
  author = {Project Jupyter},
  title = {Opinionated stacks of ready-to-run Jupyter applications in Docker},
  year = 2016,
  url = {https://github.com/jupyter/docker-stacks},
  urldate = {2016-03-11}
}

@online{mongoengine,
  author = {Ross Lawley},
  title = {mongoengine},
  year = 2016,
  url = {https://www.mongoengine.org/},
  urldate = {2016-03-11}
}

@online{mongodb,
  author = {MongoDB},
  title = {MongoDB for GIANT Ideas | MongoDB},
  year = 2016,
  url = {https://www.mongodb.org/},
  urldate = {2016-03-11}
}

@article{lehtovaara2007solution,
  title={Solution of time-independent Schr{\"o}dinger equation by the imaginary time propagation method},
  author={Lehtovaara, Lauri and Toivanen, Jari and Eloranta, Jussi},
  journal={Journal of Computational Physics},
  volume={221},
  number={1},
  pages={148--157},
  year={2007},
  publisher={Elsevier}
}

@article{dalfovo1995structural,
  title={Structural and dynamical properties of superfluid helium: a density-functional approach},
  author={Dalfovo, F and Lastri, A and Pricaupenko, L and Stringari, S and Treiner, J},
  journal={Physical Review B},
  volume={52},
  number={2},
  pages={1193},
  year={1995},
  publisher={APS}
}

@article{mateo2014rotational,
  title={Rotational Superfluidity in Small Helium Droplets},
  author={Mateo, David and Gonzalez, Frisly and Eloranta, Jussi},
  journal={The Journal of Physical Chemistry A},
  volume={119},
  number={11},
  pages={2262--2270},
  year={2014},
  publisher={ACS Publications}
}

@article{lehtovaara2004efficient,
  title={Efficient numerical method for simulating static and dynamic properties of superfluid helium},
  author={Lehtovaara, Lauri and Kiljunen, Toni and Eloranta, Jussi},
  journal={Journal of Computational Physics},
  volume={194},
  number={1},
  pages={78--91},
  year={2004},
  publisher={Elsevier}
}

@article{janecek2008fast,
  title={A fast and simple program for solving local Schr{\"o}dinger equations in two and three dimensions},
  author={Janecek, S and Krotscheck, E},
  journal={Computer Physics Communications},
  volume={178},
  number={11},
  pages={835--842},
  year={2008},
  publisher={Elsevier}
}

@article{chin2009any,
  title={Any order imaginary time propagation method for solving the Schr{\"o}dinger equation},
  author={Chin, Siu A and Janecek, S and Krotscheck, E},
  journal={Chemical Physics Letters},
  volume={470},
  number={4},
  pages={342--346},
  year={2009},
  publisher={Elsevier}
}

@book{strang2007computational,
  title={Computational science and engineering},
  author={Strang, Gilbert},
  volume={1},
  year={2007},
  publisher={Wellesley-Cambridge Press Wellesley}
}

@book{singer2006linearity,
  title={Linearity, symmetry, and prediction in the hydrogen atom},
  author={Singer, Stephanie Frank},
  year={2006},
  publisher={Springer Science \& Business Media}
}

@book{olver2014introduction,
  title={Introduction to partial differential equations},
  author={Olver, Peter J},
  year={2014},
  publisher={Springer}
}

@book{atkins2011molecular,
  title={Molecular quantum mechanics},
  author={Atkins, Peter W and Friedman, Ronald S},
  year={2011},
  publisher={Oxford university press}
}

@webpage{Eloranta:quantum,
  title={Undergraduate Quantum Chemistry},
  author={Eloranta, Jussi},
  journal={Cal State Northridge},
  year={2015}
}

@book{strauss1992partial,
  title={Partial differential equations: An introduction},
  author={Strauss, Walter A},
  journal={New York},
  year={1992}
}



